<?xml version="1.0" encoding="UTF-8"?><collection xmlns="http://www.loc.gov/MARC21/slim"><record><leader>00468nam--2200145-i-4500</leader><controlfield tag="001">000038149</controlfield><controlfield tag="002">20161230</controlfield><controlfield tag="005">20161230201041</controlfield><controlfield tag="008">060222s1000------------r-----000-0-eng-d</controlfield><datafield ind1=" " ind2=" " tag="080"><subfield code="a">533:532</subfield></datafield><datafield ind1=" " ind2=" " tag="100"><subfield code="a">Reid, Robert C.And Sherwood, Thomas K</subfield></datafield><datafield ind1=" " ind2=" " tag="245"><subfield code="a">The properties of gases and liquids. their estimation and correlation. 2nd edition</subfield></datafield><datafield ind1=" " ind2=" " tag="260"><subfield code="a">New York, Mcgraw-hill Book Co., 1968, Xx + 646p</subfield></datafield><datafield ind1=" " ind2=" " tag="490"><subfield code="a">Mcgraw-hill Chemical Engineering Series</subfield></datafield><datafield ind1=" " ind2=" " tag="852"><subfield code="a">25700</subfield></datafield></record></collection>